<record><leader>00000cas a22000007a 4500</leader><controlfield tag="001">21511010</controlfield><controlfield tag="008">900511d19141925mnuwr ne      0    0eng d</controlfield><datafield ind1=" " ind2=" " tag="010"><subfield code="a">sn 90059611 </subfield></datafield><datafield ind1=" " ind2=" " tag="040"><subfield code="a">MN#</subfield><subfield code="b">eng</subfield><subfield code="c">MN#</subfield><subfield code="d">OCLCQ</subfield><subfield code="d">OCLCF</subfield><subfield code="d">OCLCO</subfield></datafield><datafield ind1="1" ind2=" " tag="029"><subfield code="a">AU@</subfield><subfield code="b">000025888147</subfield></datafield><datafield ind1=" " ind2=" " tag="042"><subfield code="a">msc</subfield></datafield><datafield ind1=" " ind2=" " tag="043"><subfield code="a">n-us-mn</subfield></datafield><datafield ind1=" " ind2=" " tag="052"><subfield code="a">4144</subfield><subfield code="b">W4</subfield></datafield><datafield ind1=" " ind2=" " tag="052"><subfield code="a">4143</subfield><subfield code="b">D3</subfield></datafield><datafield ind1="0" ind2=" " tag="130"><subfield code="a">West St. Paul booster (West Saint Paul, Minn. : 1914)</subfield></datafield><datafield ind1="1" ind2="0" tag="245"><subfield code="a">West St. Paul booster.</subfield></datafield><datafield ind1="3" ind2="0" tag="246"><subfield code="a">West Saint Paul booster</subfield></datafield><datafield ind1=" " ind2=" " tag="260"><subfield code="a">West St. Paul, Dakota County, Minn. :</subfield><subfield code="b">West St. Paul Booster Pub. Co.</subfield></datafield><datafield ind1=" " ind2=" " tag="300"><subfield code="a">v.</subfield></datafield><datafield ind1=" " ind2=" " tag="310"><subfield code="a">Weekly</subfield></datafield><datafield ind1="1" ind2=" " tag="362"><subfield code="a">Began in 1914? Ceased in Sept. 1925.</subfield></datafield><datafield ind1=" " ind2=" " tag="588"><subfield code="a">Description based on: Vol. 8, no. 29 (Feb. 24, 1922).</subfield></datafield><datafield ind1=" " ind2="0" tag="651"><subfield code="a">West Saint Paul (Minn.)</subfield><subfield code="v">Newspapers.</subfield></datafield><datafield ind1=" " ind2="7" tag="655"><subfield code="a">Newspapers.</subfield><subfield code="2">fast</subfield><subfield code="0">(OCoLC)fst01423814</subfield></datafield><datafield ind1=" " ind2="7" tag="651"><subfield code="a">Minnesota</subfield><subfield code="z">West Saint Paul.</subfield><subfield code="2">fast</subfield><subfield code="0">(OCoLC)fst01220172</subfield></datafield><datafield ind1=" " ind2=" " tag="752"><subfield code="a">United States</subfield><subfield code="b">Minnesota</subfield><subfield code="c">Dakota</subfield><subfield code="d">West Saint Paul.</subfield></datafield><datafield ind1="0" ind2="7" tag="785"><subfield code="t">Dakota County globe</subfield><subfield code="w">(DLC)sn 90060256</subfield><subfield code="w">(OCoLC)1565829</subfield></datafield><datafield ind1="0" ind2="7" tag="785"><subfield code="t">West Saint Paul booster and Dakota County globe</subfield><subfield code="w">(DLC)sn 90060253</subfield><subfield code="w">(OCoLC)1769639</subfield></datafield></record>